@misc{AmeliaMiguelJimenez,
	author = {Miguel Jimenez},
	title = {Amelia},
	year = {2016},
	publisher = {GitHub},
	journal = {GitHub repository},
	howpublished = {\url{https://github.com/unicesi/amelia}}
}
@INPROCEEDINGS{6976605, 
	author={M. A. {Jiménez} and Á. V. {Gómez} and N. M. {Villegas} and G. {Tamura} and L. {Duchien}}, 
	booktitle={2014 IEEE 8th International Symposium on the Maintenance and Evolution of Service-Oriented and Cloud-Based Systems}, 
	title={A Framework for Automated and Composable Testing of Component-Based Services}, 
	year={2014}, 
	volume={}, 
	number={}, 
	pages={1-10}, 
	keywords={formal specification;object-oriented programming;program testing;service-oriented architecture;software quality;service-oriented computing;control flow;software development;service-oriented architectures;software systems;SOA vision;industrial adoption;service providers;service integrators;service consumers;PASCANI;service-oriented systems;test specification;testing services;service component architecture specification;component-based service testing;system functional requirements;system extra-functional requirements;Testing;Service-oriented architecture;Computer architecture;DSL;Software systems;Software service testing;SOA testing;composable tests;SCA testing}, 
	doi={10.1109/MESOCA.2014.9}, 
	ISSN={2326-6937}, 
	month={Sep.},}
@inproceedings{lea2000java,
	title={A Java fork/join framework},
	author={Lea, Doug},
	booktitle={Java Grande},
	pages={36--43},
	year={2000}
}
@article{articleIce,
	author = {Sumair, Khan and Qureshi, Kalim and Haroon, Rashid},
	year = {2010},
	month = {07},
	pages = {},
	title = {Performance Comparison of ICE, HORB, CORBA and Dot NET Remoting Middleware Technologies},
	volume = {3},
	journal = {International Journal of Computer Applications},
	doi = {10.5120/781-1105}
}
@inproceedings{kumari2015performance,
	title={Performance comparison of soap and rest based web services for enterprise application integration},
	author={Kumari, Smita and Rath, Santanu Kumar},
	booktitle={2015 International Conference on Advances in Computing, Communications and Informatics (ICACCI)},
	pages={1656--1660},
	year={2015},
	organization={IEEE}
}

@ARTICLE {TheTop10Algorithms,
	author = {G. Madey and X. Xiang and S. E. Cabaniss and Y. Huang},
	journal = {Computing in Science & Engineering},
	title = {Agent-Based Scientific Simulation},
	year = {2005},
	volume = {2},
	number = {01},
	issn = {1521-9615},
	pages = {22-29},
	keywords = {agents;simulation;scientific simulation;ecosystem},
	doi = {10.1109/MCSE.2005.7},
	publisher = {IEEE Computer Society},
	address = {Los Alamitos, CA, USA},
	month = {jan}
}

@book{Miller:2011:PSA:2073661,
	author = {Miller, Bradley N. and Ranum, David L.},
	title = {Problem Solving with Algorithms and Data Structures Using Python SECOND EDITION},
	year = {2011},
	isbn = {1590282574, 9781590282571},
	edition = {2nd},
	publisher = {Franklin, Beedle  \& Associates Inc.},
	address = {Wilsonville, OR, USA},
} 

@article{pertet2005causes,
	title={Causes of failure in web applications (cmu-pdl-05-109)},
	author={Pertet, Soila and Narasimhan, Priya},
	journal={Parallel Data Laboratory},
	pages={48},
	year={2005}
}

@article{seinturier2012component,
	title={A component-based middleware platform for reconfigurable service-oriented architectures},
	author={Seinturier, Lionel and Merle, Philippe and Rouvoy, Romain and Romero, Daniel and Schiavoni, Valerio and Stefani, Jean-Bernard},
	journal={Software: Practice and Experience},
	volume={42},
	number={5},
	pages={559--583},
	year={2012},
	publisher={Wiley Online Library}
}

@article{softwareComponents,
	author = {Ivica Crnkovic and Judith Stafford and Clemens Szyperski},
	title = {Software Components beyond Programming: From Routines to Services},
	journal ={IEEE Software},
	volume = {28},
	number = {3},
	issn = {0740-7459},
	year = {2011},
	pages = {22-26},
	doi = {http://doi.ieeecomputersociety.org/10.1109/MS.2011.62},
	publisher = {IEEE Computer Society},
	address = {Los Alamitos, CA, USA},
}

@article{evans2011internet,
  title={The internet of things},
  author={Evans, Dave},
  journal={How the Next Evolution of the Internet is Changing Everything, Whitepaper, Cisco Internet Business Solutions Group (IBSG)},
  year={2011}
}

@article{internet2015,
	title={Cisco Visual Networking Index: Global Mobile
	Data Traffic Forecast Update, 2014–2019},
	author={Cisco},
	journal={Whitepaper, Cisco Internet Business Solutions Group (IBSG)},
	year={2015}
}


@ARTICLE{autonomiccomputing, 
author={Kephart, J.O. and Chess, D.M.}, 
journal={Computer}, 
title={The vision of autonomic computing}, 
year={2003}, 
month={Jan}, 
volume={36}, 
number={1}, 
pages={41-50}, 
keywords={DP industry;autonomic computing;corporate-wide computing systems;self-managing computing systems;software complexity crisis;Biology computing;Computer industry;Computer vision;Crisis management;Environmental management;Humans;Internet;LAN interconnection;Pervasive computing;Technological innovation}, 
doi={10.1109/MC.2003.1160055}, 
ISSN={0018-9162},}

@article{computing2006architectural,
    author = {{IBM Corporation}},
    title = {{An Architectural Blueprint for Autonomic Computing}},
    month = {June},
    year = {2006},
    institution = {{IBM Corporation}}
}

@article{kitchenham2009systematic,
	title={Systematic literature reviews in software engineering--a systematic literature review},
	author={Kitchenham, Barbara and Brereton, O Pearl and Budgen, David and Turner, Mark and Bailey, John and Linkman, Stephen},
	journal={Information and software technology},
	volume={51},
	number={1},
	pages={7--15},
	year={2009},
	publisher={Elsevier}
}

@techreport{barbacci1995quality,
    title = {Quality Attributes},
    author = {Mario Barbacci and Mark H. Klein and Thomas A. Longstaff
                  and Charles B. Weinstock},
    type = {Technical Report},
    institution = {CMU/SEI},
    number = {CMU/SEI-95-TR-021},
    year = {1995}
}

@book{creswell2009research,
  title={Research design: Qualitative, quantitative, and mixed methods approaches},
  author={Creswell, John W},
  year={2009},
  publisher={Sage publications}
}


@book{douglass2003real,
	title={Real-time design patterns: robust scalable architecture for real-time systems},
	author={Douglass, Bruce Powel},
	volume={1},
	year={2003},
	publisher={Addison-Wesley Professional}
}

@book{kuchana2004software,
	title={Software architecture design patterns in Java},
	author={Kuchana, Partha},
	year={2004},
	publisher={CRC Press}
}

@book{erl2008soa,
	title={SOA design patterns},
	author={Erl, Thomas},
	year={2008},
	publisher={Pearson Education}
}

@phdthesis{tamura:2012:QoS-CARE,
  author = {Gabriel Tamura},
  title = {{QoS-CARE: A Reliable System for Preserving QoS Contracts through Dynamic Reconfiguration}},
  month = {May},
  year = {2012},
  school = {University of Lille I - Science and Technology and University of Los Andes},
  keywords = {QoS Contracts; Component-Based Software Engineering; Self-Adaptive Software Systems},
  type = {{PhD Thesis}}
}


@article{tamura-et-al:2014:QoS-Contract-Preservation,
  title = {{QoS Contract Preservation through Dynamic Reconfiguration: A Formal Semantics Approach}},
  author = "Gabriel Tamura and Rubby Casallas and Anthony Cleve 
                  and Laurence Duchien",
  journal = "Science of Computer Programming (SCP)",
  volume = "94",
  number = "3",
  pages = "307--332",
  year = "2014",
  issn = "0167-6423",
  doi = "http://dx.doi.org/10.1016/j.scico.2013.12.003",
  url = "http://www.sciencedirect.com/science/article/pii/S0167642313003390"
}


@article{villegas-et-al:2011:on-designing,
	author = {Norha M. Villegas and Hausi A. M\"{u}ller and Gabriel Tamura},
	title = {On Designing Self-Adaptive Software Systems},
	journal = {Sistemas \& Telem\'{a}tica},
	volume = {9},
	number = {18},
	year = {2011},
	keywords = {Self-adaptation; reference models for self-adaptation; self-adaptive software; control loops.},
	pages = {29--51},
	doi = {10.18046/syt.v9i18.1076},
	url = {http://www.icesi.edu.co/revistas/index.php/sistemas_telematica/article/view/1076}
}

@inproceedings{Munoz-et-al:2015:variamos-splc,
  author    = {Ra{\'u}l Mazo and Juan C. Mu{\~n}oz-Fern{\'a}ndez and Luisa Rinc{\'o}n and Camille Salinesi and Gabriel Tamura},
  title     = {{VariaMos: an Extensible Tool for Engineering (dynamic) Product Lines}},
  booktitle = {Procs. of 19th Intl. Conf. Software Product Lines (SPLC)},
  isbn = {978-1-4503-3613-0},
  pages     = {374--379},
  year      = {2015},
  publisher = {{ACM}}
}

@inproceedings{seinturier2009reconfigurable,
	title={Reconfigurable sca applications with the frascati platform},
	author={Seinturier, Lionel and Merle, Philippe and Fournier, Damien and Dolet, Nicolas and Schiavoni, Valerio and Stefani, Jean-Bernard},
	booktitle={Services Computing, 2009. SCC'09. IEEE International Conference on},
	pages={268--275},
	year={2009},
	organization={IEEE}
}

@inproceedings{Munoz-et-al:2015:refas-splc,
  author    = {Juan C. Mu{\~{n}}oz{-}Fern{\'{a}}ndez and
               Gabriel Tamura and
               Irina Raicu and
               Ra{\'{u}}l Mazo and
               Camille Salinesi},
  title     = {{REFAS:} a {PLE} approach for simulation of self-adaptive systems
               requirements},
  booktitle = {Procs. of 19th Intl. Conf. Software Product Lines (SPLC)},
  pages     = {121--125},
  isbn 	    = {978-1-4503-3613-0},
  year      = {2015},
  publisher = {{ACM}},
  doi       = {10.1145/2791060.2791102}
}


@inproceedings{Munoz-et-al:2012:surprise-user-controlled,
 author = {Mu\~{n}oz, Juan C. and Tamura, Gabriel and Villegas, Norha M. and M\"{u}ller, Hausi A.},
 title = {{Surprise: User-controlled Granular Privacy and Security for Personal Data in SmarterContext}},
 booktitle = {Procs. of 2012 Conf. of the Center for Advanced Studies on Collaborative Research},
 series = {CASCON '12},
 year = {2012},
 pages = {131--145},
 numpages = {15},
 url = {http://dl.acm.org/citation.cfm?id=2399776.2399789},
 acmid = {2399789},
 publisher = {IBM Corp.}
}

@incollection{SEFSAS3:2017:challenges-assurances, 
 author = {de Lemos, Rog\'{e}rio and Garlan, David and Ghezzi,   
 Carlo and Giese, Holger and Andersson, Jesper and Litoiu, Marin 
 and Schmerl, Bradley and Weyns, Danny and Baresi, Luciano and 
 Bencomo, Nelly and Brun, Yuriy and Camara, Javier and Calinescu, 
 Radu and Cohen, Myra B. and Gorla, Alessandra and Grassi, 
 Vincenzo and Grunske, Lars and Inverardi, Paola and Jezequel, 
 Jean-Marc and Malek, Sam and Mirandola, Raffaela and Mori, Marco 
 and M\"{u}ller, Hausi A. and Rouvoy, Romain and Rubira, Cecilia 
 M. F. and Rutten, Eric and Shaw, Mary and Tamburrelli, Giordano 
 and Tamura, Gabriel and Villegas, Norha M. and Vogel, Thomas and 
 Zambonelli, Franco}, 
 title = {Software Engineering for Self-adaptive Systems: 
 Research Challenges in the Provision of Assurances}, 
 booktitle = {Software Engineering for Self-Adaptive Systems III}, 
 volume = {9640}, 
 editor = {de Lemos, Rog\'{e}rio and Garlan, David and Ghezzi, 
 Carlo and Giese, Holger}, 
 series = {Lecture Notes in Computer Science (LNCS)}, 
 publisher = {Springer},
 year = {2017},
 note = {In Press}
}

@incollection{de2013software,
	title={Software engineering for self-adaptive systems: A second research roadmap},
	author={De Lemos, Rog{\'e}rio and Giese, Holger and M{\"u}ller, Hausi A and Shaw, Mary and Andersson, Jesper and Litoiu, Marin and Schmerl, Bradley and Tamura, Gabriel and Villegas, Norha M and Vogel, Thomas and others},
	booktitle={Software Engineering for Self-Adaptive Systems II},
	pages={1--32},
	year={2013},
	publisher={Springer}
}

@incollection{dey2016context,
	title={  Context-Aware Computing},
	author={Dey, Anind K},
	booktitle={Ubiquitous Computing Fundamentals},
	pages={335--366},
	year={2016},
	publisher={Chapman and Hall/CRC}
}

@incollection{SEFSAS3:2017:what-can-control,
 author = {Marin Litoiu and Mary Shaw and Gabriel Tamura and Norha M. Villegas and Hausi A. M\"{u}ller and Holger Giese and Romain Rouvoy and Eric Rutten}, 
 title = {{What Can Control Theory Teach Us About Assurances in Self-Adaptive Software Systems?}}, 
 booktitle = {Software Engineering for Self-Adaptive Systems III}, 
 volume = {9640}, 
 editor = {de Lemos, Rog\'{e}rio and Garlan, David and Ghezzi, 
 Carlo and Giese, Holger}, 
 series = {Lecture Notes in Computer Science (LNCS)}, 
 publisher = {Springer}, 
 year = {2017},
 note = {In Press}
}

@phdthesis{villegas2013context,
	title={{Context Management and Self-Adaptivity for Situation-Aware Smart Software Systems}},
	author={Villegas, Norha M.},
	year={2013},
	school={University of Victoria}
}


@incollection{de2013software,
	title={Software engineering for self-adaptive systems: A second research roadmap},
	author={De Lemos, Rog{\'e}rio and Giese, Holger and M{\"u}ller, Hausi A and Shaw, Mary and Andersson, Jesper and Litoiu, Marin and Schmerl, Bradley and Tamura, Gabriel and Villegas, Norha M and Vogel, Thomas and others},
	booktitle={Software Engineering for Self-Adaptive Systems II},
	pages={1--32},
	year={2013},
	publisher={Springer}
}

@incollection{villegas2010managing,
	title={Managing dynamic context to optimize smart interactions and services},
	author={Villegas, Norha M and M{\"u}ller, Hausi A},
	booktitle={The smart internet},
	pages={289--318},
	year={2010},
	publisher={Springer}
}

@incollection{villegas-et-al:2017-architecting-SwSystems-for-self-adaptation,
title = "Architecting Software Systems for Runtime Self-Adaptation: Concepts, Models, and Challenges",
author = "N.M. Villegas and G. Tamura and H.A. M{\"u}ller",
editor = "Mistrik, Ivan and Ali, Nour and Kazman, Rick and Grundy, John  and Schmerl, Bradley",
booktitle = "Managing Trade-Offs in Adaptable Software Architectures",
publisher = "Morgan Kaufmann",
address = "Boston",
year = "2017",
pages = "17 - 43",
isbn = "978-0-12-802855-1",
doi = "https://doi.org/10.1016/B978-0-12-802855-1.00002-2",
url = "https://www.sciencedirect.com/science/article/pii/B9780128028551000022"
}

@incollection{villegas2013dynamico,
	title={DYNAMICO: A reference model for governing control objectives and context relevance in self-adaptive software systems},
	author={Villegas, Norha M and Tamura, Gabriel and M{\"u}ller, Hausi A and Duchien, Laurence and Casallas, Rubby},
	booktitle={Software Engineering for Self-Adaptive Systems II},
	pages={265--293},
	year={2013},
	publisher={Springer}
}


@TECHREPORT{techreport,
	author      = "Gabriel Tamura and Miguel Jimenez and Karen Lara and Juan Ropero",
	title       = "Domain-Specific Design Patterns for Performance in Software Systems: A Systematic Literature Review",
	institution = "Icesi University",
	year        = "2014"
}


@book{Gamma:1995:DesignPatternsBook,
 author = {Gamma, Erich and Helm, Richard and Johnson, Ralph and Vlissides, John},
 title = {{Design Patterns: Elements of Reusable Object-Oriented Software}},
 year = {1995},
 isbn = {0-201-63361-2},
 publisher = {Addison-Wesley Longman Publishing},
 address = {Boston, MA, USA}
} 

@misc{Buschmann:1996:PSA,
	title={Pattern-oriented software architecture, volume 1: A system of patterns},
	author={Buschmann, Frank and Meunier, Regine and Rohnert, Hans and Sommerlad, Peter and Stal, Michael and Sommerlad, Peter and Stal, Michael},
	year={1996},
	publisher={John Wiley and Sons}
}

@article{Salehie:2009:SSL:1516533.1516538,
 author = {Salehie, Mazeiar and Tahvildari, Ladan},
 title = {Self-adaptive Software: Landscape and Research Challenges},
 journal = {ACM Trans. Auton. Adapt. Syst.},
 issue_date = {May 2009},
 volume = {4},
 number = {2},
 month = may,
 year = {2009},
 issn = {1556-4665},
 pages = {14:1--14:42},
 articleno = {14},
 numpages = {42},
 url = {http://doi.acm.org/10.1145/1516533.1516538},
 doi = {10.1145/1516533.1516538},
 acmid = {1516538},
 publisher = {ACM},
 address = {New York, NY, USA},
 keywords = {Adaptation processes, research challenges, self-adaptive software, self-properties, survey},
} 

@book{Bass:2003:SAP:773239,
 author = {Bass, Len and Clements, Paul and Kazman, Rick},
 title = {Software Architecture in Practice},
 year = {2003},
 isbn = {0321154959},
 edition = {2},
 publisher = {Addison-Wesley Longman Publishing Co., Inc.},
 chapter= {Understanding Quality Attributes },
 address = {Boston, MA, USA},
} 

@article{gustavsson2002domain,
  title={Domain Specific Design Patterns},
  author={Gustavsson, Richard and Ala-Kurikka, Jari and Rulli, Stefan},
  year = {2002}
}

@techreport{keele2007guidelines,
  title={Guidelines for performing systematic literature reviews in software engineering},
  author={Keele, Staffs},
  year={2007},
  institution={Technical report, EBSE Technical Report EBSE-2007-01}
}

@incollection{cheng2009software,
  title={Software engineering for self-adaptive systems: A research roadmap},
  author={Cheng, Betty HC and De Lemos, Rogerio and Giese, Holger and Inverardi, Paola and Magee, Jeff and Andersson, Jesper and Becker, Basil and Bencomo, Nelly and Brun, Yuriy and Cukic, Bojan and others},
  booktitle={Software engineering for self-adaptive systems},
  pages={1--26},
  year={2009},
  publisher={Springer}
}

@book{Mattson:2004:PPP,
 author = {Mattson, Timothy and Sanders, Beverly and Massingill, Berna},
 title = {Patterns for Parallel Programming},
 year = {2004},
 isbn = {0321228111},
 edition = {First},
 publisher = {Addison-Wesley Professional}
} 
